article{bahdanau2014mt,
  author    = {Dzmitry Bahdanau and
               Kyunghyun Cho and
               Yoshua Bengio},
  title     = {Neural Machine Translation by Jointly Learning to Align and Translate},
  journal   = {CoRR},
  volume    = {abs/1409.0473},
  year      = {2014},
  url       = {http://arxiv.org/abs/1409.0473},
  archivePrefix = {arXiv},
  eprint    = {1409.0473},
  timestamp = {Wed, 07 Jun 2017 14:40:19 +0200},
  biburl    = {https://dblp.org/rec/bib/journals/corr/BahdanauCB14},
  bibsource = {dblp computer science bibliography, https://dblp.org}
}

@article{collobert2011nlpscratch,
  author    = {Ronan Collobert and
               Jason Weston and
               L{\'{e}}on Bottou and
               Michael Karlen and
               Koray Kavukcuoglu and
               Pavel P. Kuksa},
  title     = {Natural Language Processing (almost) from Scratch},
  journal   = {CoRR},
  volume    = {abs/1103.0398},
  year      = {2011},
  url       = {http://arxiv.org/abs/1103.0398},
  archivePrefix = {arXiv},
  eprint    = {1103.0398},
  timestamp = {Mon, 13 Aug 2018 16:46:35 +0200},
  biburl    = {https://dblp.org/rec/bib/journals/corr/abs-1103-0398},
  bibsource = {dblp computer science bibliography, https://dblp.org}
}

@article{gehring-conv-2017,
  author    = {Jonas Gehring and
               Michael Auli and
               David Grangier and
               Denis Yarats and
               Yann N. Dauphin},
  title     = {Convolutional Sequence to Sequence Learning},
  journal   = {CoRR},
  volume    = {abs/1705.03122},
  year      = {2017},
  url       = {http://arxiv.org/abs/1705.03122},
  archivePrefix = {arXiv},
  eprint    = {1705.03122},
  timestamp = {Wed, 07 Jun 2017 14:41:12 +0200},
  biburl    = {https://dblp.org/rec/bib/journals/corr/GehringAGYD17},
  bibsource = {dblp computer science bibliography, https://dblp.org}
}

@article{vaswani-trans-2017,
  author    = {Ashish Vaswani and
               Noam Shazeer and
               Niki Parmar and
               Jakob Uszkoreit and
               Llion Jones and
               Aidan N. Gomez and
               Lukasz Kaiser and
               Illia Polosukhin},
  title     = {Attention Is All You Need},
  journal   = {CoRR},
  volume    = {abs/1706.03762},
  year      = {2017},
  url       = {http://arxiv.org/abs/1706.03762},
  archivePrefix = {arXiv},
  eprint    = {1706.03762},
  timestamp = {Mon, 03 Jul 2017 13:29:02 +0200},
  biburl    = {https://dblp.org/rec/bib/journals/corr/VaswaniSPUJGKP17},
  bibsource = {dblp computer science bibliography, https://dblp.org}
}

@article{grangier-quickedit-2017,
  author    = {David Grangier and
               Michael Auli},
  title     = {QuickEdit: Editing Text {\&} Translations via Simple Delete Actions},
  journal   = {CoRR},
  volume    = {abs/1711.04805},
  year      = {2017},
  url       = {http://arxiv.org/abs/1711.04805},
  archivePrefix = {arXiv},
  eprint    = {1711.04805},
  timestamp = {Fri, 01 Dec 2017 14:22:24 +0100},
  biburl    = {https://dblp.org/rec/bib/journals/corr/abs-1711-04805},
  bibsource = {dblp computer science bibliography, https://dblp.org}
}

@article{guu-neuraleditor-2017,
  author    = {Kelvin Guu and
               Tatsunori B. Hashimoto and
               Yonatan Oren and
               Percy Liang},
  title     = {Generating Sentences by Editing Prototypes},
  journal   = {CoRR},
  volume    = {abs/1709.08878},
  year      = {2017},
  url       = {http://arxiv.org/abs/1709.08878},
  archivePrefix = {arXiv},
  eprint    = {1709.08878},
  timestamp = {Thu, 05 Oct 2017 09:42:51 +0200},
  biburl    = {https://dblp.org/rec/bib/journals/corr/abs-1709-08878},
  bibsource = {dblp computer science bibliography, https://dblp.org}
}

@article{kaiser-fastdecoding-2018,
  author    = {Lukasz Kaiser and
               Aurko Roy and
               Ashish Vaswani and
               Niki Parmar and
               Samy Bengio and
               Jakob Uszkoreit and
               Noam Shazeer},
  title     = {Fast Decoding in Sequence Models using Discrete Latent Variables},
  journal   = {CoRR},
  volume    = {abs/1803.03382},
  year      = {2018},
  url       = {http://arxiv.org/abs/1803.03382},
  archivePrefix = {arXiv},
  eprint    = {1803.03382},
  timestamp = {Tue, 10 Apr 2018 20:50:05 +0200},
  biburl    = {https://dblp.org/rec/bib/journals/corr/abs-1803-03382},
  bibsource = {dblp computer science bibliography, https://dblp.org}
}

@article{wiseman2018template,
  author    = {Sam Wiseman},
  title     = {Learning Neural Templates for Text Generation},
  journal   = {CoRR},
  volume    = {abs/lol},
  year      = {2018},
  url       = {http://arxiv.org/abs/lol},
  archivePrefix = {arXiv},
  eprint    = {lol},
  timestamp = {Tue, 10 Apr 2018 20:50:05 +0200},
  biburl    = {https://dblp.org/rec/bib/journals/corr/abs-1803-03382},
  bibsource = {dblp computer science bibliography, https://dblp.org}
}

@article{deng2018attn,
  author    = {Yuntian Deng and
               Yoon Kim and
               Justin Chiu and
               Demi Guo and
               Alexander M. Rush},
  title     = {Latent Alignment and Variational Attention},
  journal   = {CoRR},
  volume    = {abs/1807.03756},
  year      = {2018},
  url       = {http://arxiv.org/abs/1807.03756},
  archivePrefix = {arXiv},
  eprint    = {1807.03756},
  timestamp = {Mon, 13 Aug 2018 01:00:00 +0200},
  biburl    = {https://dblp.org/rec/bib/journals/corr/abs-1807-03756},
  bibsource = {dblp computer science bibliography, https://dblp.org}
}

@Article{niebles-videolda-2008,
author="Niebles, Juan Carlos
and Wang, Hongcheng
and Fei-Fei, Li",
title="Unsupervised Learning of Human Action Categories Using Spatial-Temporal Words",
journal="International Journal of Computer Vision",
year="2008",
month="Sep",
day="01",
volume="79",
number="3",
pages="299--318",
issn="1573-1405",
doi="10.1007/s11263-007-0122-4",
url="https://doi.org/10.1007/s11263-007-0122-4"
}

@INPROCEEDINGS{soomro-videoaction-2017, 
author={K. Soomro and M. Shah}, 
booktitle={2017 IEEE International Conference on Computer Vision (ICCV)}, 
title={Unsupervised Action Discovery and Localization in Videos}, 
year={2017}, 
volume={}, 
number={}, 
pages={696-705}, 
keywords={directed graphs;feature extraction;image classification;image segmentation;knapsack problems;pattern clustering;support vector machines;unsupervised learning;video signal processing;SVM action classifiers;automatic spatio-temporal annotations;bounding box annotations;classifier training;directed graph;knapsack optimization;over-segmenting videos;spectral clustering;undirected graph;unlabeled training videos;unsupervised action discovery;unsupervised action localization;video features;Clustering algorithms;Computer vision;Feature extraction;Optimization;Support vector machines;Training;Videos}, 
doi={10.1109/ICCV.2017.82}, 
ISSN={}, 
month={Oct},}

@article{huang-phrasemt-2017,
  author    = {Po{-}Sen Huang and
               Chong Wang and
               Dengyong Zhou and
               Li Deng},
  title     = {Neural Phrase-based Machine Translation},
  journal   = {CoRR},
  volume    = {abs/1706.05565},
  year      = {2017},
  url       = {http://arxiv.org/abs/1706.05565},
  archivePrefix = {arXiv},
  eprint    = {1706.05565},
  timestamp = {Mon, 03 Jul 2017 13:29:02 +0200},
  biburl    = {https://dblp.org/rec/bib/journals/corr/HuangWZD17},
  bibsource = {dblp computer science bibliography, https://dblp.org}
}

@article{wang-segment-2017,
  title={Sequence modeling via segmentations},
  author={Wang, Chong and Wang, Yining and Huang, Po-Sen and Mohamed, Abdelrahman and Zhou, Dengyong and Deng, Li},
  journal={arXiv preprint arXiv:1702.07463},
  year={2017}
}

@article{yoon-distill-2016,
  author    = {Yoon Kim and
               Alexander M. Rush},
  title     = {Sequence-Level Knowledge Distillation},
  journal   = {CoRR},
  volume    = {abs/1606.07947},
  year      = {2016},
  url       = {http://arxiv.org/abs/1606.07947},
  archivePrefix = {arXiv},
  eprint    = {1606.07947},
  timestamp = {Wed, 07 Jun 2017 14:40:30 +0200},
  biburl    = {https://dblp.org/rec/bib/journals/corr/KimR16a},
  bibsource = {dblp computer science bibliography, https://dblp.org}
}

@inproceedings{neubig-phrase-2011,
 author = {Neubig, Graham and Watanabe, Taro and Sumita, Eiichiro and Mori, Shinsuke and Kawahara, Tatsuya},
 title = {An Unsupervised Model for Joint Phrase Alignment and Extraction},
 booktitle = {Proceedings of the 49th Annual Meeting of the Association for Computational Linguistics: Human Language Technologies - Volume 1},
 series = {HLT '11},
 year = {2011},
 isbn = {978-1-932432-87-9},
 location = {Portland, Oregon},
 pages = {632--641},
 numpages = {10},
 url = {http://dl.acm.org/citation.cfm?id=2002472.2002553},
 acmid = {2002553},
 publisher = {Association for Computational Linguistics},
 address = {Stroudsburg, PA, USA},
}

@inproceedings{denero-phrasecomplexity-2008,
 author = {DeNero, John and Klein, Dan},
 title = {The Complexity of Phrase Alignment Problems},
 booktitle = {Proceedings of the 46th Annual Meeting of the Association for Computational Linguistics on Human Language Technologies: Short Papers},
 series = {HLT-Short '08},
 year = {2008},
 location = {Columbus, Ohio},
 pages = {25--28},
 numpages = {4},
 url = {http://dl.acm.org/citation.cfm?id=1557690.1557698},
 acmid = {1557698},
 publisher = {Association for Computational Linguistics},
 address = {Stroudsburg, PA, USA},
} 

@inproceedings{bansal-gappy-2011,
  author    = {Mohit Bansal and
               Chris Quirk and
               Robert C. Moore},
  title     = {Gappy Phrasal Alignment By Agreement},
  booktitle = {The 49th Annual Meeting of the Association for Computational Linguistics:
               Human Language Technologies, Proceedings of the Conference, 19-24
               June, 2011, Portland, Oregon, {USA}},
  pages     = {1308--1317},
  year      = {2011},
  url       = {http://www.aclweb.org/anthology/P11-1131},
  timestamp = {Tue, 16 Jan 2018 17:41:33 +0100},
  biburl    = {https://dblp.org/rec/bib/conf/acl/BansalQM11},
  bibsource = {dblp computer science bibliography, https://dblp.org}
}

@article{luong-effectivemt-2015,
  author    = {Minh{-}Thang Luong and
               Hieu Pham and
               Christopher D. Manning},
  title     = {Effective Approaches to Attention-based Neural Machine Translation},
  journal   = {CoRR},
  volume    = {abs/1508.04025},
  year      = {2015},
  archivePrefix = {arXiv},
  eprint    = {1508.04025},
  timestamp = {Wed, 07 Jun 2017 14:41:36 +0200},
  biburl    = {http://dblp.org/rec/bib/journals/corr/LuongPM15},
  bibsource = {dblp computer science bibliography, http://dblp.org}
}

@article{yu-ssnt-2016,
  author    = {Lei Yu and
               Jan Buys and
               Phil Blunsom},
  title     = {Online Segment to Segment Neural Transduction},
  journal   = {CoRR},
  volume    = {abs/1609.08194},
  year      = {2016},
  url       = {http://arxiv.org/abs/1609.08194},
  archivePrefix = {arXiv},
  eprint    = {1609.08194},
  timestamp = {Wed, 07 Jun 2017 14:42:40 +0200},
  biburl    = {https://dblp.org/rec/bib/journals/corr/YuBB16},
  bibsource = {dblp computer science bibliography, https://dblp.org}
}

@INPROCEEDINGS{zhang-segalign-2003, 
author={Y. Zhang and S. Vogel and A. Waibel}, 
booktitle={International Conference on Natural Language Processing and Knowledge Engineering, 2003. Proceedings. 2003}, 
title={Integrated phrase segmentation and alignment algorithm for statistical machine translation}, 
year={2003}, 
volume={}, 
number={}, 
pages={567-573}, 
keywords={computational linguistics;hidden Markov models;language translation;linguistics;natural languages;probability;decoder;integrated phrase segmentation;monolingual bigram language model;phase alignment algorithm;phrase-to-phrase translation;point-wise mutual information;probability;statistical machine translation;Context modeling;Data mining;Decoding;Greedy algorithms;Hidden Markov models;Instruction sets;Joining processes;Natural languages;Surface-mount technology;Viterbi algorithm}, 
doi={10.1109/NLPKE.2003.1275970}, 
ISSN={}, 
month={Oct},}

@inproceedings{
shen2018prpn,
title={Neural Language Modeling by Jointly Learning Syntax and Lexicon},
author={Yikang Shen and Zhouhan Lin and Chin-wei Huang and Aaron Courville},
booktitle={International Conference on Learning Representations},
year={2018},
url={https://openreview.net/forum?id=rkgOLb-0W},
}

@inproceedings{yin18structvae,
    title = {Struct{VAE}: Tree-structured Latent Variable Models for Semi-supervised Semantic Parsing},
    author = {Pengcheng Yin and Chunting Zhou and Junxian He and Graham Neubig},
    booktitle = {The 56th Annual Meeting of the Association for Computational Linguistics (ACL)},
    address = {Melbourne, Australia},
    month = {July},
    url = {https://arxiv.org/abs/1806.07832v1},
    year = {2018}
}

@inproceedings{klein2002ccm,
  author    = {Dan Klein and
               Christopher D. Manning},
  title     = {A Generative Constituent-Context Model for Improved Grammar Induction},
  booktitle = {Proceedings of the 40th Annual Meeting of the Association for Computational
               Linguistics, July 6-12, 2002, Philadelphia, PA, {USA.}},
  pages     = {128--135},
  year      = {2002},
  crossref  = {DBLP:conf/acl/2002},
  url       = {http://www.aclweb.org/anthology/P02-1017.pdf},
  timestamp = {Thu, 17 Aug 2017 17:55:42 +0200},
  biburl    = {https://dblp.org/rec/bib/conf/acl/KleinM02},
  bibsource = {dblp computer science bibliography, https://dblp.org}
}
@proceedings{DBLP:conf/acl/2002,
  title     = {Proceedings of the 40th Annual Meeting of the Association for Computational
               Linguistics, July 6-12, 2002, Philadelphia, PA, {USA}},
  publisher = {{ACL}},
  year      = {2002},
  url       = {http://aclweb.org/anthology/P/P02/},
  timestamp = {Thu, 17 Aug 2017 17:55:42 +0200},
  biburl    = {https://dblp.org/rec/bib/conf/acl/2002},
  bibsource = {dblp computer science bibliography, https://dblp.org}
}

@inproceedings{golland2012ccm,
  author    = {Dave Golland and
               John DeNero and
               Jakob Uszkoreit},
  title     = {A Feature-Rich Constituent Context Model for Grammar Induction},
  booktitle = {The 50th Annual Meeting of the Association for Computational Linguistics,
               Proceedings of the Conference, July 8-14, 2012, Jeju Island, Korea
               - Volume 2: Short Papers},
  pages     = {17--22},
  year      = {2012},
  crossref  = {DBLP:conf/acl/2012-2},
  url       = {http://www.aclweb.org/anthology/P12-2004},
  timestamp = {Wed, 15 Aug 2012 09:10:28 +0200},
  biburl    = {https://dblp.org/rec/bib/conf/acl/GollandDU12},
  bibsource = {dblp computer science bibliography, https://dblp.org}
}
@proceedings{DBLP:conf/acl/2012-2,
  title     = {The 50th Annual Meeting of the Association for Computational Linguistics,
               Proceedings of the Conference, July 8-14, 2012, Jeju Island, Korea
               - Volume 2: Short Papers},
  publisher = {The Association for Computer Linguistics},
  year      = {2012},
  isbn      = {978-1-937284-25-1},
  timestamp = {Wed, 15 Aug 2012 08:23:31 +0200},
  biburl    = {https://dblp.org/rec/bib/conf/acl/2012-2},
  bibsource = {dblp computer science bibliography, https://dblp.org}
}
@inproceedings{klein2002ccm2,
 author = {Klein, Dan and Manning, Christopher D.},
 title = {A Generative Constituent-context Model for Improved Grammar Induction},
 booktitle = {Proceedings of the 40th Annual Meeting on Association for Computational Linguistics},
 series = {ACL '02},
 year = {2002},
 location = {Philadelphia, Pennsylvania},
 pages = {128--135},
 numpages = {8},
 url = {https://doi.org/10.3115/1073083.1073106},
 doi = {10.3115/1073083.1073106},
 acmid = {1073106},
 publisher = {Association for Computational Linguistics},
 address = {Stroudsburg, PA, USA},
} 

@inproceedings{huang2012ccm,
  author    = {Yun Huang and
               Min Zhang and
               Chew Lim Tan},
  title     = {Improved Constituent Context Model with Features},
  booktitle = {{PACLIC}},
  pages     = {564--573},
  publisher = {{PACLIC} 26 Organizing Committee and {PACLIC} Steering Committee /
               {ACL} / Faculty of Computer Science, Universitas Indonesia},
  year      = {2012}
}

@article{wiseman2017d2t,
  author    = {Sam Wiseman and
               Stuart M. Shieber and
               Alexander M. Rush},
  title     = {Challenges in Data-to-Document Generation},
  journal   = {CoRR},
  volume    = {abs/1707.08052},
  year      = {2017}
}

@article{rabinovich17codegen,
  author    = {Maxim Rabinovich and
               Mitchell Stern and
               Dan Klein},
  title     = {Abstract Syntax Networks for Code Generation and Semantic Parsing},
  journal   = {CoRR},
  volume    = {abs/1704.07535},
  year      = {2017},
  url       = {http://arxiv.org/abs/1704.07535},
  archivePrefix = {arXiv},
  eprint    = {1704.07535},
  timestamp = {Mon, 13 Aug 2018 16:46:09 +0200},
  biburl    = {https://dblp.org/rec/bib/journals/corr/RabinovichSK17},
  bibsource = {dblp computer science bibliography, https://dblp.org}
}

@article{yarats2017dialogue,
  author    = {Denis Yarats and
               Mike Lewis},
  title     = {Hierarchical Text Generation and Planning for Strategic Dialogue},
  journal   = {CoRR},
  volume    = {abs/1712.05846},
  year      = {2017},
  url       = {http://arxiv.org/abs/1712.05846},
  archivePrefix = {arXiv},
  eprint    = {1712.05846},
  timestamp = {Mon, 13 Aug 2018 16:46:19 +0200},
  biburl    = {https://dblp.org/rec/bib/journals/corr/abs-1712-05846},
  bibsource = {dblp computer science bibliography, https://dblp.org}
}

@inproceedings{liang2009semalign,
 author = {Liang, Percy and Jordan, Michael I. and Klein, Dan},
 title = {Learning Semantic Correspondences with Less Supervision},
 booktitle = {Proceedings of the Joint Conference of the 47th Annual Meeting of the ACL and the 4th International Joint Conference on Natural Language Processing of the AFNLP: Volume 1 - Volume 1},
 series = {ACL '09},
 year = {2009},
 isbn = {978-1-932432-45-9},
 location = {Suntec, Singapore},
 pages = {91--99},
 numpages = {9},
 url = {http://dl.acm.org/citation.cfm?id=1687878.1687893},
 acmid = {1687893},
 publisher = {Association for Computational Linguistics},
 address = {Stroudsburg, PA, USA},
} 

@inproceedings{wang2017swan,
  author    = {Chong Wang and
               Yining Wang and
               Po{-}Sen Huang and
               Abdelrahman Mohamed and
               Dengyong Zhou and
               Li Deng},
  title     = {Sequence Modeling via Segmentations},
  booktitle = {Proceedings of the 34th International Conference on Machine Learning,
               {ICML} 2017, Sydney, NSW, Australia, 6-11 August 2017},
  pages     = {3674--3683},
  year      = {2017},
}

@inproceedings{mikolov2010rnnlm,
  added-at = {2015-04-09T00:00:00.000+0200},
  author = {Mikolov, Tomas and Karafiát, Martin and Burget, Lukás and Cernocký, Jan and Khudanpur, Sanjeev},
  biburl = {https://www.bibsonomy.org/bibtex/2aee1e280d06e82474b17c4996aaea076/dblp},
  booktitle = {INTERSPEECH},
  crossref = {conf/interspeech/2010},
  editor = {Kobayashi, Takao and Hirose, Keikichi and Nakamura, Satoshi},
  ee = {http://www.isca-speech.org/archive/interspeech_2010/i10_1045.html},
  interhash = {9cabdcef2ed097906bff2cb7a327e61e},
  intrahash = {aee1e280d06e82474b17c4996aaea076},
  keywords = {dblp},
  pages = {1045-1048},
  publisher = {ISCA},
  timestamp = {2015-06-21T06:10:05.000+0200},
  title = {Recurrent neural network based language model.},
  url = {http://dblp.uni-trier.de/db/conf/interspeech/interspeech2010.html#MikolovKBCK10},
  year = 2010
}


@article{yang2017moslm,
  author    = {Zhilin Yang and
               Zihang Dai and
               Ruslan Salakhutdinov and
               William W. Cohen},
  title     = {Breaking the Softmax Bottleneck: {A} High-Rank {RNN} Language Model},
  journal   = {CoRR},
  volume    = {abs/1711.03953},
  year      = {2017}
}

@article{ganchev2010posteriorregularization,
 author = {Ganchev, Kuzman and Gra\c{c}a, Jo\~{a}o and Gillenwater, Jennifer and Taskar, Ben},
 title = {Posterior Regularization for Structured Latent Variable Models},
 journal = {J. Mach. Learn. Res.},
 issue_date = {3/1/2010},
 volume = {11},
 month = aug,
 year = {2010},
 issn = {1532-4435},
 pages = {2001--2049},
 numpages = {49},
 url = {http://dl.acm.org/citation.cfm?id=1756006.1859918},
 acmid = {1859918},
 publisher = {JMLR.org},
} 

@article{graca2010pralign,
 author = {V. Gra\c{c}a, Jo\~{a}o and Ganchev, Kuzman and Taskar, Ben},
 title = {Learning Tractable Word Alignment Models with Complex Constraints},
 journal = {Comput. Linguist.},
 issue_date = {September 2010},
 volume = {36},
 number = {3},
 month = sep,
 year = {2010},
 issn = {0891-2017},
 pages = {481--504},
 numpages = {24},
 url = {http://dx.doi.org/10.1162/coli_a_00007},
 doi = {10.1162/coli_a_00007},
 acmid = {1950495},
 publisher = {MIT Press},
 address = {Cambridge, MA, USA},
} 

@incollection{ganchev2007empc,
title = {Expectation Maximization and Posterior Constraints},
author = {Kuzman Ganchev and Taskar, Ben and Jo\~{a}o Gama},
booktitle = {Advances in Neural Information Processing Systems 20},
editor = {J. C. Platt and D. Koller and Y. Singer and S. T. Roweis},
pages = {569--576},
year = {2008},
publisher = {Curran Associates, Inc.},
url = {http://papers.nips.cc/paper/3170-expectation-maximization-and-posterior-constraints.pdf}
}

@inproceedings{klein2002conditional,
 author = {Klein, Dan and Manning, Christopher D.},
 title = {Conditional Structure Versus Conditional Estimation in NLP Models},
 booktitle = {Proceedings of the ACL-02 Conference on Empirical Methods in Natural Language Processing - Volume 10},
 series = {EMNLP '02},
 year = {2002},
 pages = {9--16},
 numpages = {8},
 url = {https://doi.org/10.3115/1118693.1118695},
 doi = {10.3115/1118693.1118695},
 acmid = {1118695},
 publisher = {Association for Computational Linguistics},
 address = {Stroudsburg, PA, USA},
} 

@article{yu2016noisychannel,
  author    = {Lei Yu and
               Phil Blunsom and
               Chris Dyer and
               Edward Grefenstette and
               Tom{\'{a}}s Kocisk{\'{y}}},
  title     = {The Neural Noisy Channel},
  journal   = {CoRR},
  volume    = {abs/1611.02554},
  year      = {2016},
  url       = {http://arxiv.org/abs/1611.02554},
  archivePrefix = {arXiv},
  eprint    = {1611.02554},
  timestamp = {Mon, 13 Aug 2018 16:46:55 +0200},
  biburl    = {https://dblp.org/rec/bib/journals/corr/YuBDGK16},
  bibsource = {dblp computer science bibliography, https://dblp.org}
}

@article{brown1993mt,
 author = {Brown, Peter F. and Pietra, Vincent J. Della and Pietra, Stephen A. Della and Mercer, Robert L.},
 title = {The Mathematics of Statistical Machine Translation: Parameter Estimation},
 journal = {Comput. Linguist.},
 issue_date = {June 1993},
 volume = {19},
 number = {2},
 month = jun,
 year = {1993},
 issn = {0891-2017},
 pages = {263--311},
 numpages = {49},
 url = {http://dl.acm.org/citation.cfm?id=972470.972474},
 acmid = {972474},
 publisher = {MIT Press},
 address = {Cambridge, MA, USA},
} 

@article{puduppully2018contentselection,
  author    = {Ratish Puduppully and Li Dong and Mirella Lapata},
  title     = {Data-to-Text Generation with Content Selection and Planning},
  journal   = {CoRR},
  volume    = {abs/1809.00582},
  year      = {2018},
  url       = {http://arxiv.org/abs/1809.00582},
  archivePrefix = {arXiv},
  eprint    = {1809.00582},
  timestamp = {Mon, 03 Sep 2018 12:41:44 +0200}
}

@article{grosz1986discourse,
 author = {Grosz, Barbara J. and Sidner, Candace L.},
 title = {Attention, Intentions, and the Structure of Discourse},
 journal = {Comput. Linguist.},
 issue_date = {July-September 1986},
 volume = {12},
 number = {3},
 month = jul,
 year = {1986},
 issn = {0891-2017},
 pages = {175--204},
 numpages = {30},
 url = {http://dl.acm.org/citation.cfm?id=12457.12458},
 acmid = {12458},
 publisher = {MIT Press},
 address = {Cambridge, MA, USA},
}

@inproceedings{angeli2010d2t,
 author = {Angeli, Gabor and Liang, Percy and Klein, Dan},
 title = {A Simple Domain-independent Probabilistic Approach to Generation},
 booktitle = {Proceedings of the 2010 Conference on Empirical Methods in Natural Language Processing},
 series = {EMNLP '10},
 year = {2010},
 location = {Cambridge, Massachusetts},
 pages = {502--512},
 numpages = {11},
 url = {http://dl.acm.org/citation.cfm?id=1870658.1870707},
 acmid = {1870707},
 publisher = {Association for Computational Linguistics},
 address = {Stroudsburg, PA, USA},
} 

@inproceedings{sauper2009wiki,
 author = {Sauper, Christina and Barzilay, Regina},
 title = {Automatically Generating Wikipedia Articles: A Structure-aware Approach},
 booktitle = {Proceedings of the Joint Conference of the 47th Annual Meeting of the ACL and the 4th International Joint Conference on Natural Language Processing of the AFNLP: Volume 1 - Volume 1},
 series = {ACL '09},
 year = {2009},
 isbn = {978-1-932432-45-9},
 location = {Suntec, Singapore},
 pages = {208--216},
 numpages = {9},
 url = {http://dl.acm.org/citation.cfm?id=1687878.1687909},
 acmid = {1687909},
 publisher = {Association for Computational Linguistics},
 address = {Stroudsburg, PA, USA},
} 

@inproceedings{snyder2007d2t,
  author    = {Benjamin Snyder and
               Regina Barzilay},
  title     = {Database-Text Alignment via Structured Multilabel Classification},
  booktitle = {{IJCAI} 2007, Proceedings of the 20th International Joint Conference
               on Artificial Intelligence, Hyderabad, India, January 6-12, 2007},
  pages     = {1713--1718},
  year      = {2007},
  url       = {http://ijcai.org/Proceedings/07/Papers/277.pdf},
  timestamp = {Wed, 20 Jul 2016 13:58:40 +0200},
  biburl    = {https://dblp.org/rec/bib/conf/ijcai/SnyderB07},
  bibsource = {dblp computer science bibliography, https://dblp.org}
}

@article{dossantos2015classification,
  author    = {C{\'{\i}}cero Nogueira dos Santos and
               Bing Xiang and
               Bowen Zhou},
  title     = {Classifying Relations by Ranking with Convolutional Neural Networks},
  journal   = {CoRR},
  volume    = {abs/1504.06580},
  year      = {2015},
  url       = {http://arxiv.org/abs/1504.06580},
  archivePrefix = {arXiv},
  eprint    = {1504.06580},
  timestamp = {Mon, 13 Aug 2018 16:47:04 +0200},
  biburl    = {https://dblp.org/rec/bib/journals/corr/SantosXZ15},
  bibsource = {dblp computer science bibliography, https://dblp.org}
}

@article{yu2016ssnt,
  author    = {Lei Yu and
               Jan Buys and
               Phil Blunsom},
  title     = {Online Segment to Segment Neural Transduction},
  journal   = {CoRR},
  volume    = {abs/1609.08194},
  year      = {2016},
  url       = {http://arxiv.org/abs/1609.08194},
  archivePrefix = {arXiv},
  eprint    = {1609.08194},
  timestamp = {Mon, 13 Aug 2018 16:47:20 +0200},
  biburl    = {https://dblp.org/rec/bib/journals/corr/YuBB16},
  bibsource = {dblp computer science bibliography, https://dblp.org}
}

@article{gulcehre2016cc,
  author    = {{\c{C}}aglar G{\"{u}}l{\c{c}}ehre and
               Sungjin Ahn and
               Ramesh Nallapati and
               Bowen Zhou and
               Yoshua Bengio},
  title     = {Pointing the Unknown Words},
  journal   = {CoRR},
  volume    = {abs/1603.08148},
  year      = {2016},
  url       = {http://arxiv.org/abs/1603.08148},
  archivePrefix = {arXiv},
  eprint    = {1603.08148},
  timestamp = {Mon, 13 Aug 2018 16:47:47 +0200},
  biburl    = {https://dblp.org/rec/bib/journals/corr/GulcehreANZB16},
  bibsource = {dblp computer science bibliography, https://dblp.org}
}

@article{weissenborn17,
  author    = {Dirk Weissenborn and Tomas Kocisky and Chris Dyer},
  title     = {Dynamic Integration of Background Knowledge in Neural NLU Systems},
  journal   = {CoRR},
  volume    = {abs/1706.02596},
  year      = {2017},
  url       = {http://arxiv.org/abs/1706.02596},
  archivePrefix = {arXiv},
  eprint    = {1706.02596},
  timestamp = {Mon, 13 Aug 2018 16:49:11 +0200},
  biburl    = {https://dblp.org/rec/bib/journals/corr/Weissenborn17},
  bibsource = {dblp computer science bibliography, https://dblp.org}
}

@inproceedings{nara16ie,
  author    = {Karthik Narasimhan and
               Adam Yala and
               Regina Barzilay},
  title     = {Improving Information Extraction by Acquiring External Evidence with
               Reinforcement Learning},
  booktitle = {Proceedings of the 2016 Conference on Empirical Methods in Natural
               Language Processing, {EMNLP} 2016, Austin, Texas, USA, November 1-4,
               2016},
  pages     = {2355--2365},
  year      = {2016},
  url       = {http://aclweb.org/anthology/D/D16/D16-1261.pdf},
  timestamp = {Fri, 04 Nov 2016 14:45:31 +0100},
  biburl    = {https://dblp.org/rec/bib/conf/emnlp/NarasimhanYB16},
  bibsource = {dblp computer science bibliography, https://dblp.org}
}

@inproceedings{grenager2005unsup,
 author = {Grenager, Trond and Klein, Dan and Manning, Christopher D.},
 title = {Unsupervised Learning of Field Segmentation Models for Information Extraction},
 booktitle = {Proceedings of the 43rd Annual Meeting on Association for Computational Linguistics},
 series = {ACL '05},
 year = {2005},
 location = {Ann Arbor, Michigan},
 pages = {371--378},
 numpages = {8},
 url = {https://doi.org/10.3115/1219840.1219886},
 doi = {10.3115/1219840.1219886},
 acmid = {1219886},
 publisher = {Association for Computational Linguistics},
 address = {Stroudsburg, PA, USA},
} 

@article{allattn,
  author    = {Ashish Vaswani and
               Noam Shazeer and
               Niki Parmar and
               Jakob Uszkoreit and
               Llion Jones and
               Aidan N. Gomez and
               Lukasz Kaiser and
               Illia Polosukhin},
  title     = {Attention Is All You Need},
  journal   = {CoRR},
  volume    = {abs/1706.03762},
  year      = {2017},
  url       = {http://arxiv.org/abs/1706.03762},
  archivePrefix = {arXiv},
  eprint    = {1706.03762},
  timestamp = {Mon, 13 Aug 2018 16:48:37 +0200},
  biburl    = {https://dblp.org/rec/bib/journals/corr/VaswaniSPUJGKP17},
  bibsource = {dblp computer science bibliography, https://dblp.org}
}

@article{ace2004,
    author = {George Doddington, T. and Alexis Mitchell, C. and Mark Przybocki, T. and Lance Ramshaw, N. and Stephanie Strassel, C. and Ralph Weischede, N.},
    citeulike-article-id = {10003935},
    citeulike-linkout-0 = {http://citeseerx.ist.psu.edu/viewdoc/download?doi=10.1.1.78.8442\&\#38;rep=rep1\&\#38;type=pdf},
    keywords = {ace, information-extraction, no-end-page, no-start-page},
    posted-at = {2011-11-08 07:51:33},
    priority = {0},
    title = {{The automatic content extraction (ACE) program–tasks, data, and evaluation}},
    url = {http://citeseerx.ist.psu.edu/viewdoc/download?doi=10.1.1.78.8442\&\#38;rep=rep1\&\#38;type=pdf},
    year = {2004}
}


@inproceedings{surdeanu2012miml,
 author = {Surdeanu, Mihai and Tibshirani, Julie and Nallapati, Ramesh and Manning, Christopher D.},
 title = {Multi-instance Multi-label Learning for Relation Extraction},
 booktitle = {Proceedings of the 2012 Joint Conference on Empirical Methods in Natural Language Processing and Computational Natural Language Learning},
 series = {EMNLP-CoNLL '12},
 year = {2012},
 location = {Jeju Island, Korea},
 pages = {455--465},
 numpages = {11},
 url = {http://dl.acm.org/citation.cfm?id=2390948.2391003},
 acmid = {2391003},
 publisher = {Association for Computational Linguistics},
 address = {Stroudsburg, PA, USA},
} 

@article{lee2018coref,
  author    = {Kenton Lee and
               Luheng He and
               Luke Zettlemoyer},
  title     = {Higher-order Coreference Resolution with Coarse-to-fine Inference},
  journal   = {CoRR},
  volume    = {abs/1804.05392},
  year      = {2018},
  url       = {http://arxiv.org/abs/1804.05392},
  archivePrefix = {arXiv},
  eprint    = {1804.05392},
  timestamp = {Mon, 13 Aug 2018 16:47:47 +0200},
  biburl    = {https://dblp.org/rec/bib/journals/corr/abs-1804-05392},
  bibsource = {dblp computer science bibliography, https://dblp.org}
}

@InProceedings{zhang2017slotfilling,
  author =     "Zhang, Yuhao
        and Zhong, Victor
        and Chen, Danqi
        and Angeli, Gabor
        and Manning, Christopher D.",
  title =     "Position-aware Attention and Supervised Data Improve Slot Filling",
  booktitle =     "Proceedings of the 2017 Conference on Empirical Methods in Natural      Language Processing    ",
  year =     "2017",
  publisher =     "Association for Computational Linguistics",
  pages =     "35--45",
  location =     "Copenhagen, Denmark",
  doi =     "10.18653/v1/D17-1004",
  url =     "http://aclweb.org/anthology/D17-1004"
}

@InProceedings{zheng2013align,
  author =     "Zheng, Jiaping
        and Vilnis, Luke
        and Singh, Sameer
        and Choi, Jinho D.
        and McCallum, Andrew",
  title =     "Dynamic Knowledge-Base Alignment for Coreference Resolution",
  booktitle =     "Proceedings of the Seventeenth Conference on Computational Natural Language Learning",
  year =     "2013",
  publisher =     "Association for Computational Linguistics",
  pages =     "153--162",
  location =     "Sofia, Bulgaria",
  url =     "http://aclweb.org/anthology/W13-3517"
}

@inproceedings{haghighi2010coref,
 author = {Haghighi, Aria and Klein, Dan},
 title = {Coreference Resolution in a Modular, Entity-centered Model},
 booktitle = {Human Language Technologies: The 2010 Annual Conference of the North American Chapter of the Association for Computational Linguistics},
 series = {HLT '10},
 year = {2010},
 isbn = {1-932432-65-5},
 location = {Los Angeles, California},
 pages = {385--393},
 numpages = {9},
 url = {http://dl.acm.org/citation.cfm?id=1857999.1858060},
 acmid = {1858060},
 publisher = {Association for Computational Linguistics},
 address = {Stroudsburg, PA, USA},
} 

@article{chen2018diva,
  author    = {Wenhu Chen and
               Wenhan Xiong and
               Xifeng Yan and
               William Yang Wang},
  title     = {Variational Knowledge Graph Reasoning},
  journal   = {CoRR},
  volume    = {abs/1803.06581},
  year      = {2018},
  url       = {http://arxiv.org/abs/1803.06581},
  archivePrefix = {arXiv},
  eprint    = {1803.06581},
  timestamp = {Mon, 13 Aug 2018 16:47:50 +0200},
  biburl    = {https://dblp.org/rec/bib/journals/corr/abs-1803-06581},
  bibsource = {dblp computer science bibliography, https://dblp.org}
}

@article{kingma2014ssvae,
  author    = {Diederik P. Kingma and
               Danilo Jimenez Rezende and
               Shakir Mohamed and
               Max Welling},
  title     = {Semi-Supervised Learning with Deep Generative Models},
  journal   = {CoRR},
  volume    = {abs/1406.5298},
  year      = {2014},
  url       = {http://arxiv.org/abs/1406.5298},
  archivePrefix = {arXiv},
  eprint    = {1406.5298},
  timestamp = {Mon, 13 Aug 2018 16:47:38 +0200},
  biburl    = {https://dblp.org/rec/bib/journals/corr/KingmaRMW14},
  bibsource = {dblp computer science bibliography, https://dblp.org}
}


@article{qu2017ssre,
  author    = {Meng Qu and
               Xiang Ren and
               Yu Zhang and
               Jiawei Han},
  title     = {Overcoming Limited Supervision in Relation Extraction: {A} Pattern-enhanced
               Distributional Representation Approach},
  journal   = {CoRR},
  volume    = {abs/1711.03226},
  year      = {2017},
  url       = {http://arxiv.org/abs/1711.03226},
  archivePrefix = {arXiv},
  eprint    = {1711.03226},
  timestamp = {Mon, 13 Aug 2018 16:46:10 +0200},
  biburl    = {https://dblp.org/rec/bib/journals/corr/abs-1711-03226},
  bibsource = {dblp computer science bibliography, https://dblp.org}
}
